@article{fernandez:hal-00521491,
  TITLE = {{Imaging plant growth in 4D: robust tissue reconstruction and lineaging at cell resolution}},
  AUTHOR = {Fernandez, R. and Das, Pradeep and Mirabet, V. and Moscardi, E. and Traas, Jan and Verdeil, J.-L. and Malandain, Gr{\'e}goire and Godin, Christophe},
  URL = {https://hal.archives-ouvertes.fr/hal-00521491},
  JOURNAL = {{Nature Methods}},
  PUBLISHER = {{Nature Publishing Group}},
  VOLUME = {7},
  PAGES = {547-553},
  YEAR = {2010},
  HAL_ID = {hal-00521491},
  HAL_VERSION = {v1},
}

@phdthesis{guignard:tel-01278725,
  TITLE = {{Quantitative analysis of animal morphogenesis: from high-throughput laser imaging to 4D virtual embryo in ascidians}},
  AUTHOR = {Guignard, L{\'e}o},
  URL = {https://tel.archives-ouvertes.fr/tel-01278725},
  NUMBER = {2015MONTS048},
  SCHOOL = {{Universit{\'e} Montpellier}},
  YEAR = {2015},
  MONTH = Dec,
  KEYWORDS = {Ascidian ; Development ; D{\'e}veloppement ; Segmentation ; Carte virtuelles ; Imagerie ; Ascidie ; Informatique},
  TYPE = {Theses},
  PDF = {https://tel.archives-ouvertes.fr/tel-01278725/file/41911_GUIGNARD_2015_archivage.pdf},
  HAL_ID = {tel-01278725},
  HAL_VERSION = {v2},
}

@unpublished{guignard:hal-01938126,
  TITLE = {{Contact-dependent cell-cell communications drive morphological invariance during ascidian embryogenesis}},
  AUTHOR = {Guignard, L{\'e}o and Fiuza, Ulla-Maj and Leggio, Bruno and Faure, Emmanuel and Laussu, Julien and Hufnagel, Lars and Malandain, Gr{\'e}goire and Godin, Christophe and Lemaire, Patrick},
  URL = {https://hal.archives-ouvertes.fr/hal-01938126},
  NOTE = {working paper or preprint},
  YEAR = {2018},
  MONTH = Nov,
  DOI = {10.1101/238741},
  PDF = {https://hal.archives-ouvertes.fr/hal-01938126/file/238741.1.full.pdf},
  HAL_ID = {hal-01938126},
  HAL_VERSION = {v1},
}

@article{guignard:hal-02903409,
  TITLE = {{Contact area-dependent cell communication and the morphological invariance of ascidian embryogenesis}},
  AUTHOR = {Guignard, L{\'e}o and Fiuza, Ulla-Maj and Leggio, Bruno and Laussu, Julien and Faure, Emmanuel and Michelin, Ga{\"e}l and Biasuz, Kilian and Hufnagel, Lars and Malandain, Gr{\'e}goire and Godin, Christophe and Lemaire, Patrick},
  URL = {https://hal.inria.fr/hal-02903409},
  JOURNAL = {{Science}},
  PUBLISHER = {{American Association for the Advancement of Science}},
  YEAR = {2020},
  MONTH = Jul,
  DOI = {10.1126/science.aar5663},
  HAL_ID = {hal-02903409},
  HAL_VERSION = {v1},
}

@ARTICLE{marquez-neil:pami:2014,
author={P. M\`arquez-Neila and L. Baumela and L. Alvarez},
journal={IEEE Transactions on Pattern Analysis and Machine Intelligence},
title={A Morphological Approach to Curvature-Based Evolution of Curves and Surfaces},
year={2014},
volume={36},
number={1},
pages={2-17},
keywords={computer vision;numerical analysis;partial differential equations;stability;curvature based evolution;fast contour evolution algorithms;boundary detection;tracking;computer vision;partial differential equations;curvature morphological operator;numerical stability;level set function;sophisticated numerical algorithms;geodesic active contours;turbopixels;numerical solutions;Surface morphology;Level set;Three-dimensional displays;Numerical stability;Mathematical model;Approximation methods;Active contours;Computer vision;mathematical morphology;curve evolution;level-sets;morphological snakes},
doi={10.1109/TPAMI.2013.106},
ISSN={0162-8828},
month={Jan},
}

@phdthesis{michelin:tel-01451608,
  TITLE = {{Image analysis tools and inter-individual registration for the study of animal and plant morphogenesis}},
  AUTHOR = {Michelin, Ga{\"e}l},
  URL = {https://tel.archives-ouvertes.fr/tel-01451608},
  NUMBER = {2016AZUR4088},
  SCHOOL = {{Universit{\'e} C{\^o}te d'Azur}},
  YEAR = {2016},
  MONTH = Oct,
  KEYWORDS = {Ascidian ; Registration ; Fluorescence microscopy ; Developmental biology ; Biologie d{\'e}veloppementale ; Microscopie {\`a} fluorescence ; Segmentation ; Recalage ; Ascidie ; Arabidopsis},
  TYPE = {Theses},
  PDF = {https://tel.archives-ouvertes.fr/tel-01451608/file/2016AZUR4088.pdf},
  HAL_ID = {tel-01451608},
  HAL_VERSION = {v1},
}

@inproceedings{michelin:hal-00915000,
  TITLE = {{Embryo Cell Membranes Reconstruction by Tensor Voting}},
  AUTHOR = {Michelin, Ga{\"e}l and Guignard, L{\'e}o and Fiuza, Ulla-Maj and Malandain, Gr{\'e}goire},
  URL = {https://hal.inria.fr/hal-00915000},
  BOOKTITLE = {{ISBI - International Symposium on Biomedical Imaging}},
  ADDRESS = {Beijing, China},
  PUBLISHER = {{IEEE}},
  YEAR = {2014},
  MONTH = Apr,
  DOI = {10.1109/ISBI.2014.6868105 },
  KEYWORDS = {surface detection ; fluorescence microscopy ; image segmentation ; cell membrane},
  PDF = {https://hal.inria.fr/hal-00915000/file/michelin-isbi-2014.pdf},
  HAL_ID = {hal-00915000},
  HAL_VERSION = {v2},
}

@Article{otsu:tsmc:1979,
  author = 	 {Otsu, Nobuyuki},
  title = 	 {A threshold selection method from gray-level histograms},
  journal = 	 {IEEE Trans. Sys., Man., Cyber.},
  year = 	 {1979},
  OPTkey = 	 {},
  volume = 	 {9},
  number = 	 {1},
  pages = 	 {62-66},
  OPTmonth = 	 {},
  OPTnote = 	 {},
  OPTannote = 	 {},
  doi = {10.1109/TSMC.1979.4310076}
}

@book{conklin:1905aa,
        Author = {Conklin, Edwin Grant},
        Date-Added = {2016-12-09 22:07:29 +0000},
        Date-Modified = {2016-12-09 22:07:29 +0000},
        Keywords = {Embryology;Sea squirts},
        Pages = {182},
        Publisher = {Philadelphia :[Academy of Natural Sciences],},
        Title = {The organization and cell-lineage of the ascidian egg / by Edwin G. Conklin.},
        Url = {http://www.biodiversitylibrary.org/item/24005},
        Year = {1905.},
        Bdsk-Url-1 = {http://www.biodiversitylibrary.org/item/24005}
}

@article{conklin:1905ab,
        Author = {Conklin, Edwin G.},
        Date-Added = {2020-01-20 12:38:54 +0100},
        Date-Modified = {2020-01-20 12:38:56 +0100},
        Doi = {10.1002/jez.1400020202},
        Eprint = {https://onlinelibrary.wiley.com/doi/pdf/10.1002/jez.1400020202},
        Journal = {Journal of Experimental Zoology},
        Number = {2},
        Pages = {145-223},
        Title = {Mosaic development in ascidian eggs},
        Url = {https://onlinelibrary.wiley.com/doi/abs/10.1002/jez.1400020202},
        Volume = {2},
        Year = {1905},
        Bdsk-Url-1 = {https://onlinelibrary.wiley.com/doi/abs/10.1002/jez.1400020202},
        Bdsk-Url-2 = {https://doi.org/10.1002/jez.1400020202}
}

