@article{fernandez:hal-00521491,
  TITLE = {{Imaging plant growth in 4D : robust tissue reconstruction and lineaging at cell resolution.}},
  AUTHOR = {Fernandez, R. and Das, Pradeep and Mirabet, V. and Moscardi, E. and Traas, Jan and Verdeil, J.-L. and Malandain, Gr{\'e}goire and Godin, Christophe},
  URL = {https://hal.archives-ouvertes.fr/hal-00521491},
  JOURNAL = {{Nature Methods}},
  PUBLISHER = {{Nature Publishing Group}},
  NUMBER = {7},
  PAGES = {547-553},
  YEAR = {2010},
  HAL_ID = {hal-00521491},
  HAL_VERSION = {v1},
}